@IEEEtranBSTCTL{IEEEexample:BSTcontrol,
	CTLdash_repeated_names = "no",
}

@online{io-schedulers,
	title = {I/O Schedulers},
	year = 2016,
	organization = {Android Modders Guide},
	howpublished = {\url{https://androidmodguide.blogspot.com/p/io-schedulers.html}}
}

@online{look-algorithm,
	title = {LOOK Algorithm},
	year = 2017,
	organization = {Wikipedia},
	howpublished = {\url{https://en.wikipedia.org/wiki/LOOK_algorithm}}
}

@online{kernel-api-source,
	title = {Elixir Cross Referencer},
	organization = {Bootlin},
	howpublished = {\url{https://elixir.bootlin.com/linux/v3.1/source}}
}

@online{kernel-list-doc,
	title = {Doubly Linked Lists},
	organization = {Kernel.org},
	howpublished = {\url{https://www.kernel.org/doc/htmldocs/kernel-api/adt.html#id-1.3.2}}
}
